@book{SuttonBarto,
    author = {Richard S. Sutton and Andrew G. Barto},
    title = {Reinforcement Learning. An introduction},
    edition = {Second edition},
    location = {Cambridge, MA},
    publisher = {The MIT Press},
    year = {2019},
    series = {Adaptive computation and machine learning series},
    isbn = {978-026-2039-246}
}

@book{Sewak,
    author = {Mohit Sewak},
    title = {Deep Reinforcement Learning: Frontiers of Artificial Intelligence},
    location = {Singapore},
    publisher = {Springer},
    year = {2019},
    isbn = {978-981-13-8284-0}
}

@book{Walsh,
    author = {Walsh, John B.},
    title = {Knowing the Odds: An Introduction to Probability},
    edition = {Graduate Studies in Mathematics: v. 139},
    location = {USA},
    publisher = {American Mathematical Society},
    year = {2011},
    isbn = {978-0-8218-8532-1}
}

@book{Dimitrakakis,
    author = {Dimitrakakis, Christos},
    title = {Machine Learning in science and society},
    % edition = {},
    % location = {},
    % publisher = {American Mathematical Society},
    year = {2020},
    % isbn = {978-0-8218-8532-1}
}

@article{gabaix2016power,
  title={Power laws in economics: An introduction},
  author={Gabaix, Xavier},
  journal={Journal of Economic Perspectives},
  volume={30},
  number={1},
  pages={185--206},
  year={2016}
}
